<?xml version="1.0" encoding="UTF-8"?><collection xmlns="http://www.loc.gov/MARC21/slim"><record><leader>00521nam--2200181-i-4500</leader><controlfield tag="001">000025430</controlfield><controlfield tag="002">20161230</controlfield><controlfield tag="005">20161230201035</controlfield><controlfield tag="008">060222s1000------------r-----000-0-eng-d</controlfield><datafield ind1=" " ind2=" " tag="040"><subfield code="a">IFIN-HH</subfield></datafield><datafield ind1=" " ind2=" " tag="080"><subfield code="a">530.145:532.3</subfield></datafield><datafield ind1="1" ind2=" " tag="100"><subfield code="a">Johnson, Curtis C</subfield></datafield><datafield ind1="1" ind2="0" tag="245"><subfield code="a">Field and wave electrodynamics</subfield><subfield code="c">Curtis c. johnson</subfield></datafield><datafield ind1=" " ind2=" " tag="260"><subfield code="a">New York</subfield><subfield code="b">Mcgraw-hill Book Company</subfield><subfield code="c">1965</subfield></datafield><datafield ind1=" " ind2=" " tag="300"><subfield code="a">XV+456P</subfield></datafield><datafield ind1=" " ind2=" " tag="490"><subfield code="a">Mcgraw-hill Phisical And Quantum Electronics Series</subfield></datafield><datafield ind1=" " ind2=" " tag="852"><subfield code="a">22094</subfield><subfield code="c">537:538</subfield></datafield><datafield ind1=" " ind2=" " tag="CAT"><subfield code="a">Sys</subfield><subfield code="c">20110614</subfield><subfield code="h">113811</subfield></datafield></record></collection>